% Encoding: UTF-8

%-------------------
%	Motivation
%-------------------

%Motivation Time Series
@article{cpd_medical_1,
  author={P. {Yang} and G. {Dumont} and J. M. {Ansermino}},
  journal={IEEE Transactions on Biomedical Engineering}, 
  title={Adaptive Change Detection in Heart Rate Trend Monitoring in Anesthetized Children}, 
  year={2006},
  volume={53},
  number={11},
  pages={2211-2219},
  doi={10.1109/TBME.2006.877107}}


@phdthesis{shimathesis,
author = {Imani, Shima and Keogh, Eamonn},
title = {Novel Primitive for Analyzing Massive Time Series Data Set},
year = {2020}¶,
school = {University of California, Riverside},
}


@article{rodrigues2017noise,
title = "Noise detection on ECG based on agglomerative clustering of morphological features",
journal = "Computers in Biology and Medicine",
volume = "87",
pages = "322 - 334",
year = "2017",
issn = "0010-4825",
doi = "https://doi.org/10.1016/j.compbiomed.2017.06.009",
url = "http://www.sciencedirect.com/science/article/pii/S0010482517301737",
author = "João Rodrigues and David Belo and Hugo Gamboa",
keywords = "Noise detection, Agglomerative clustering, Features, Time series, Shape, Electrocardiogram, ECG, Pattern recognition, Artifacts, Morphology"}



@phdthesis{david_thesis,
    title    = {Learning Biosignals using Deep Learning},
    school   = {Nova University of Lisbon},
    author   = {Belo, David},
    year     = {2020},
    type     = {{PhD} dissertation},
}


@misc{bigdata, title={The exponential growth of data}, url={https://insidebigdata.com/2017/02/16/the-exponential-growth-of-data}, journal={insideBIGDATA}, publisher={Helwett-Packard Enterprise}, author={Editorial Team}, year={2018}, month={Apr}}


@inproceedings{puttinghuman,
author = {Imani, Shima and Alaee, Sara and Keogh, Eamonn},
title = {Putting the Human in the Time Series Analytics Loop},
year = {2019},
isbn = {9781450366755},
publisher = {Association for Computing Machinery},
address = {New York, NY, USA},
url = {https://doi.org/10.1145/3308560.3317308},
doi = {10.1145/3308560.3317308},
booktitle = {Companion Proceedings of The 2019 World Wide Web Conference},
pages = {635–644},
numpages = {10},
keywords = {Similarity Search, Time Series, NLP},
location = {San Francisco, USA},
series = {WWW '19}
}

@article{roh2019survey,
  title={A survey on data collection for machine learning: a big data-ai integration perspective},
  author={Roh, Yuji and Heo, Geon and Whang, Steven Euijong},
  journal={IEEE Transactions on Knowledge and Data Engineering},
  year={2019},
  publisher={IEEE}
}
 
@article{cpd_medical_2,
title = "A new method for change-point detection developed for on-line analysis of the heart beat variability during sleep",
journal = "Physica A: Statistical Mechanics and its Applications",
volume = "349",
number = "3",
pages = "582 - 596",
year = "2005",
issn = "0378-4371",
doi = "https://doi.org/10.1016/j.physa.2004.10.026",
url = "http://www.sciencedirect.com/science/article/pii/S0378437104013640",
author = "M. Staudacher and S. Telser and A. Amann and H. Hinterhuber and M. Ritsch-Marte",
keywords = "Time series analysis, Detrended fluctuation analysis, Heart rate variability, Sleep ECG",
}

@INPROCEEDINGS{cpd_medical_3,
  author={R. {Malladi} and G. P. {Kalamangalam} and B. {Aazhang}},
  booktitle={2013 Asilomar Conference on Signals, Systems and Computers}, 
  title={Online Bayesian change point detection algorithms for segmentation of epileptic activity}, 
  year={2013},
  volume={},
  number={},
  pages={1833-1837},
  doi={10.1109/ACSSC.2013.6810619}}

@article{cpd_medical_4,
title = "Automatic change detection in multimodal serial MRI: application to multiple sclerosis lesion evolution",
journal = "NeuroImage",
volume = "20",
number = "2",
pages = "643 - 656",
year = "2003",
issn = "1053-8119",
doi = "https://doi.org/10.1016/S1053-8119(03)00406-3",
url = "http://www.sciencedirect.com/science/article/pii/S1053811903004063",
author = "Marcel Bosc and Fabrice Heitz and Jean-Paul Armspach and Izzie Namer and Daniel Gounot and Lucien Rumbach",
keywords = "Change detection, Deformable matching, Statistical tests, Serial MRI, Multiple sclerosis",
}

@article {cpd_climate,
      author = "Jaxk Reeves and Jien Chen and Xiaolan L. Wang and Robert Lund and Qi Qi Lu",
      title = "A Review and Comparison of Changepoint Detection Techniques for Climate Data",
      journal = "Journal of Applied Meteorology and Climatology",
      year = "01 Jun. 2007",
      publisher = "American Meteorological Society",
      address = "Boston MA, USA",
      volume = "46",
      number = "6",
      doi = "10.1175/JAM2493.1",
      pages=      "900 - 915",
      url = "https://journals.ametsoc.org/view/journals/apme/46/6/jam2493.1.xml"
}

@InProceedings{cpd_audio,
author="Bhandari, Gayatri M.
and Kawitkar, Rameshwar S.
and Borawake, Madhuri P.",
editor="Satapathy, Suresh Chandra
and Avadhani, P. S.
and Udgata, Siba K.
and Lakshminarayana, Sadasivuni",
title="Audio Segmentation for Speech Recognition Using Segment Features",
booktitle="ICT and Critical Infrastructure: Proceedings of the 48th Annual Convention of Computer Society of India- Vol II",
year="2014",
publisher="Springer International Publishing",
address="Cham",
pages="209--217",
isbn="978-3-319-03095-1"
}

@article{cpd_har_1,
   title={Multiple-change-point detection for high dimensional time series via sparsified binary segmentation},
   volume={77},
   ISSN={1369-7412},
   url={http://dx.doi.org/10.1111/rssb.12079},
   DOI={10.1111/rssb.12079},
   number={2},
   journal={Journal of the Royal Statistical Society: Series B (Statistical Methodology)},
   publisher={Wiley},
   author={Cho, Haeran and Fryzlewicz, Piotr},
   year={2014},
   month={Jul},
   pages={475–507}
}

@book{cpd_har_2,
author = {Cook, Diane and Krishnan, Narayanan},
year = {2015},
month = {02},
pages = {1-257},
title = {Activity learning: Discovering, recognizing, and predicting human behavior from sensor data},
isbn = {9781118893760},
doi = {10.1002/9781119010258}
}

@misc{muller_music_health,
 title={Music, Computing, and Health: A roadmap for the current and future roles of music technology for health care and well-being},
 url={osf.io/mgjwv},
 DOI={10.1177/2059204321997709},
 publisher={OSF Preprints},
 author={Agres, Kat R and Schaefer, Rebecca S and Volk, Anja and van Hooren, Susan and Holzapfel, André and Bella, Simone D and Müller, Meinard and de Witte, martina and Herremans, Dorien and Melendez, Rafael R and et al.},
 year={2021},
 month={Feb}
}

@conference{antonio,
author={António Santos. and João Rodrigues. and Duarte Folgado. and Sara Santos. and Carlos Fujão. and Hugo Gamboa.},
title={Self-Similarity Matrix of Morphological Features for Motion Data Analysis in Manufacturing Scenarios},
booktitle={Proceedings of the 14th International Joint Conference on Biomedical Engineering Systems and Technologies - BIOSIGNALS,},
year={2021},
pages={80-90},
publisher={SciTePress},
organization={INSTICC},
doi={10.5220/0010252800800090},
isbn={978-989-758-490-9},
issn={2184-4305},
}

%Motivation Occupational Health
@BOOK{Irastorza2010,
    AUTHOR = "Elke Schneider Irastorza and Xabier and Copsey, Sarah",
    TITLE = "OSH in figures: Work-related musculoskeletal disorders in the EU — Facts and figures",
    PUBLISHER = "European Agency for Safety and Health at Work",
    YEAR = "2010",
    address = "",
    edition = ""
}

@book{Luttmann2003,
    author = {Luttmann, Alwin and Jäger, Matthias and Griefahn, Barbara and Caffier, Gustav and Liebers, Falk},
    title = {{Preventing Musculoskeletal Disorders in the Workplace}},
    isbn = {92 4 159053 X},
    publisher = {World Health Organization},
    year = {2003},
    url = {https://www.who.int/occupational_health/publications/en/oehmsd3.pdf}
}

@BOOKLET{Trabalhadores,
    AUTHOR = {Uva, António Sousa and Carnide, Filomena and  Serranheira, Florentino and Miranda, Luís Cunha and Lopes, Maria Fátima},
    YEAR = "2008",
    PUBLISHER = "Direcção-Geral da Saúde",
    TITLE = "Lesões Musculoesqueléticas Relacionadas com o Trabalho. Guia de Orientação para a Prevenção",
    ISBN = "978-972-675-169-4"
}

@conference{Varandas19,
    author={Rui Varandas. and Duarte Folgado. and Hugo Gamboa.},
    title={Evaluation of Spatial-Temporal Anomalies in the Analysis of Human Movement},
    booktitle={Proceedings of the 12th International Joint Conference on Biomedical Engineering Systems and Technologies - Volume 4: BIOSIGNALS,},
    year={2019},
    pages={163-170},
    publisher={SciTePress},
    organization={INSTICC},
    doi={10.5220/0007386701630170},
    isbn={978-989-758-353-7},
}

@article{ocra,
  title={OCRA: a concise index for the assessment of exposure to repetitive movements of the upper limbs},
  author={Occhipinti, Enrico},
  journal={Ergonomics},
  volume={41},
  number={9},
  pages={1290--1311},
  year={1998},
  publisher={Taylor \& Francis}
}

@article{eaws,
    author = { K.   Schaub  and  G.   Caragnano  and  B.   Britzke  and  R.   Bruder },
    title = {The European Assembly Worksheet},
    journal = {Theoretical Issues in Ergonomics Science},
    volume = {14},
    number = {6},
    pages = {616-639},
    year  = {2013},
    publisher = {Taylor & Francis},
    doi = {10.1080/1463922X.2012.678283},
    
    URL = {https://doi.org/10.1080/1463922X.2012.678283},
    
    eprint = {https://doi.org/10.1080/1463922X.2012.678283}
}

@article{rula,
title = "RULA: a survey method for the investigation of work-related upper limb disorders",
journal = "Applied Ergonomics",
volume = "24",
number = "2",
pages = "91 - 99",
year = "1993",
issn = "0003-6870",
doi = "https://doi.org/10.1016/0003-6870(93)90080-S",
url = "http://www.sciencedirect.com/science/article/pii/000368709390080S",
author = "Lynn McAtamney and E. {Nigel Corlett}",
keywords = "Working posture, assessment, upper limb disorders, RSI",
}

@InProceedings{jobrotation,
author="Rodrigues, Jo{\~a}o
and Gamboa, Hugo
and Mollaei, Nafiseh
and Os{\'o}rio, Daniel
and Assun{\c{c}}{\~a}o, Ana
and Fuj{\~a}o, Carlos
and Carnide, Filomena",
editor="Camarinha-Matos, Luis M.
and Farhadi, Nastaran
and Lopes, F{\'a}bio
and Pereira, Helena",
title="A Genetic Algorithm to Design Job Rotation Schedules with Low Risk Exposure",
booktitle="Technological Innovation for Life Improvement",
year="2020",
publisher="Springer International Publishing",
address="Cham",
pages="395--402",
isbn="978-3-030-45124-0"
}

@inproceedings{romero,
    author = {Romero, David and Stahre, Johan and Wuest, Thorsten and Noran, Ovidiu and Bernus, Peter and Fasth, Fast-Berglund, Asa and Gorecky, Dominic},
    year = {2016},
    month = {10},
    title = {{Towards an Operator 4.0 Typology: A Human-Centric Perspective on the Fourth Industrial Revolution Technologies}},
    booktitle={International conference on computers and industrial engineering (CIE46) proceedings}
}

@article{Caputo2019,
    author = {Caputo, Francesco and Greco, Alessandro and D‘Amato, Egidio and Notaro, Immacolata and Spada, Stefania},
    doi = {10.1007/978-3-319-94619-1_21},
    journal = {Springer Nature},
    keywords = {IMU,Industrial environment,Industrial ergonomics,Motion capture,Wearable device},
    pages = {215--225},
    publisher = {Springer International Publishing},
    title = {{IMU-Based Motion Capture Wearable System for Ergonomic Assessment in Industrial Environment}},
    year = {2019}
}

@conference{Hang19,
    author={Hang Wang. and Mohamed Refai, M. and Bert{-}Jan F. van Beijnum.},
    title={Measuring Upper-Extremity Use with One IMU},
    booktitle={Proceedings of the 12th International Joint Conference on Biomedical Engineering Systems and Technologies - Volume 4: BIOSIGNALS,},
    year={2019},
    pages={93-100},
    publisher={SciTePress},
    organization={INSTICC},
    doi={10.5220/0007253400930100},
    isbn={978-989-758-353-7},
}

@inproceedings{democratize,
author = {Lefebvre, Hippolyte and Legner, Christine and Fadler, Martin},
year = {2021},
month = {09},
pages = {},
title = {Data democratization: toward a deeper understanding}
}

@book{grammar,
author = {Crystal, David},
title = {Making Sense of Grammar},
year = {2004},
month = {January},
publisher = {Pearson Education},
isbn = {9780582848634}
}

%Theoretical Concepts
%PreProcessing
@inproceedings{paa,
author = {Keogh, Eamonn and Chakrabarti, Kaushik and Pazzani, Michael and Mehrotra, Sharad},
title = {Dimensionality Reduction for Fast Similarity Search in Large Time Series Databases},
year = {2001},
month = {January},
url = {https://www.microsoft.com/en-us/research/publication/dimensionality-reduction-for-fast-similarity-search-in-large-time-series-databases/},
journal = {Knowledge and Information Systems Journal (KAIS)},
edition = {Knowledge and Information Systems Journal (KAIS)},
}

@InProceedings{fourier,
author="Agrawal, Rakesh
and Faloutsos, Christos
and Swami, Arun",
editor="Lomet, David B.",
title="Efficient similarity search in sequence databases",
booktitle="Foundations of Data Organization and Algorithms",
year="1993",
publisher="Springer Berlin Heidelberg",
address="Berlin, Heidelberg",
pages="69--84",
isbn="978-3-540-48047-1"
}

@InProceedings{fourier2,
author= "H. Shatkay",
title="The Fourier Transform - a Primer",
booktitle="Technical Report CS-95-37",
year="1995",
publisher="Brown University"
}

@article{10.1145/191843.191925,
author = {Faloutsos, Christos and Ranganathan, M. and Manolopoulos, Yannis},
title = {Fast Subsequence Matching in Time-Series Databases},
year = {1994},
issue_date = {June 1994},
publisher = {Association for Computing Machinery},
address = {New York, NY, USA},
volume = {23},
number = {2},
issn = {0163-5808},
url = {https://doi.org/10.1145/191843.191925},
doi = {10.1145/191843.191925},
journal = {SIGMOD Rec.},
month = {may},
pages = {419–429},
numpages = {11}
}


@inproceedings{ed1,
author = {Faloutsos, Christos and Ranganathan, M. and Manolopoulos, Yannis},
title = {Fast Subsequence Matching in Time-Series Databases},
year = {1994},
isbn = {0897916395},
publisher = {Association for Computing Machinery},
address = {New York, NY, USA},
url = {https://doi.org/10.1145/191839.191925},
doi = {10.1145/191839.191925},
booktitle = {Proceedings of the 1994 ACM SIGMOD International Conference on Management of Data},
pages = {419–429},
numpages = {11},
location = {Minneapolis, Minnesota, USA},
series = {SIGMOD '94}
}

@article{dtw,
author = {Keogh, Eamonn 
and Chotirat Ann, Ratanamahatana},
year = {2005},
month={March},
title ={Exact Indexing of Dynamic Time Warping},
journal = {knowledge and Information Systems},
url = {https://doi.org/10.1007/s10115-004-0154-9},
doi = {10.1007/s10115-004-0154-9},
publisher = {Springer}
}

@article{complexity,
author = {Batista, Gustavo and Keogh, Eamonn and Tataw, Oben and Alves de Souza, Vinícius},
year = {2013},
month = {04},
title = {CID: An efficient complexity-invariant distance for time series},
volume = {28},
journal = {Data Mining and Knowledge Discovery},
doi = {10.1007/s10618-013-0312-3}
}

@incollection{cosine,
title = {2 - Getting to Know Your Data},
editor = {Jiawei Han and Micheline Kamber and Jian Pei},
booktitle = {Data Mining (Third Edition)},
publisher = {Morgan Kaufmann},
edition = {Third Edition},
address = {Boston},
pages = {39-82},
year = {2012},
series = {The Morgan Kaufmann Series in Data Management Systems},
isbn = {978-0-12-381479-1},
doi = {https://doi.org/10.1016/B978-0-12-381479-1.00002-2},
url = {https://www.sciencedirect.com/science/article/pii/B9780123814791000022},
author = {Jiawei Han and Micheline Kamber and Jian Pei},
}